1758 3031
387 205 505 259 IN
592 205 1063 258 SUIDAM.
1280 222 1386 277 475¹

95 324 151 377 Id
191 324 326 394 quod
373 323 487 373 alibi
532 321 913 374 observavimus,
990 322 1074 373 De
1118 320 1385 373 Phoroneo
1429 344 1572 385 PARS

97 421 266 460 autem
298 409 596 476 Argivorum
624 424 735 473 rege
763 406 1115 477 Apollodorus,
1149 407 1384 459 Clemens
1438 400 1579 491 2⁴

97 491 485 551 Alexandrinus,
522 492 784 550 Tatianus,
825 489 1090 542 Africanus
1119 493 1247 561 apud
1275 493 1387 542 Eu-

94 574 193 625 seb.
225 575 435 644 Praepar.
475 593 520 644 p.
549 574 669 640 488.
712 575 791 624 alii
829 574 954 625 bene
982 575 1184 626 multia}
1251 575 1391 626 Hinc

93 658 312 710 Carmen
352 659 635 709 PHORONIS
677 659 906 709 dietum:
970 659 1112 727 cujus
1152 659 1389 710 meminit

96 743 259 794 Clem.
295 743 539 792 Alexand.
576 741 760 792 Strom.
800 741 887 792 lib.
918 742 948 792 i.
987 760 1034 811 p.
1065 741 1185 811 380.
1249 742 1389 793 'Ang-

93 825 250 879 σίλαιος
271 825 357 895 γὰρ
382 825 570 892 Φορωνέα.
598 824 766 891 πρῶτον
789 824 1027 899 ἀνθρώπων
1052 826 1230 892 ’γενὲιθῦᾳ
1249 825 1388 893 λέγει·

93 906 196 959 ’ὅθεν
220 907 290 972 ιςᾳᾷ
317 913 334 959 ὁ
366 919 495 962 ΤΗΣ
534 918 910 963 ΦΟΡΩΝΙΔΟΣ
940 909 1117 970 ποιητὴς
1148 908 1243 973 εἶναι]
1266 909 1389 963 αὐτὶν

92 990 195 1060 ἔφη·

398 1075 579 1152 Πατέρα,
606 1075 768 1136 θνητῶν
792 1075 1042 1147 ἀνθρώπων.

93 1193 313 1245 Carmen
351 1196 476 1246 illud
514 1195 682 1246 laudat
719 1193 1011 1246 Scholiastes
1051 1194 1111 1245 ad
1150 1192 1386 1264 Apollon.

92 1277 266 1329 Rhod.
296 1279 329 1330 i.
367 1295 514 1346 1129.
554 1291 603 1329 et
641 1279 973 1349 Etymologus
1012 1279 1064 1330 in
1104 1298 1149 1330 v.
1180 1277 1386 1353 Ἐξιένιος.

93 1361 300 1413 Dicitur
340 1376 511 1415 autem
558 1362 823 1423 PhoroniS,
863 1376 919 1414 ut
964 1362 1207 1434 Odyffiis,
1244 1360 1391 1413 The-

93 1446 203 1504 seis,
251 1446 572 1507 Alcmaeonis,
620 1461 770 1517 atque
809 1447 903 1498 alia
943 1448 1162 1518 ejusdem
1200 1445 1388 1505 farinae,

88 1526 175 1578 ’ὄσ-οι
220 1530 345 1584 κόνις.
421 1531 595 1602 Atque
643 1531 764 1582 hinc
819 1533 1065 1583 notandus
1120 1531 1192 1582 vir
1239 1530 1389 1599 longe

89 1614 402 1667 doffiffimus
431 1617 481 1666 in
504 1615 723 1686 Epistola
743 1617 804 1667 ad
830 1615 1078 1676 Minium,
1107 1634 1154 1686 p.
1182 1633 1258 1684 19.
1295 1614 1387 1686 qui

3 1735 14 1746 „
87 1698 448 1750 Alcmaeonidis
478 1701 782 1770 scriptorem,
823 1701 1043 1770 quisquis
1073 1701 1278 1752 tandem
1303 1698 1388 1750 fu·-

90 1783 202 1841 erit,
227 1783 529 1853 Hystericam,
550 1802 650 1834 non
671 1784 945 1854 Tragicum,
968 1784 1141 1847 facit.†
1166 1785 1238 1835 At
1257 1802 1394 1845 vero,

92 1867 168 1917 mi
191 1865 366 1927 homo,
407 1882 642 1920 neutrum
669 1888 844 1920 verum
872 1869 957 1919 est.
1011 1864 1265 1937 Ἀλκμοάων
1297 1886 1388 1919 no-

89 1968 207 2002 men
229 1949 512 2022 Tragoedice.
555 1947 842 2020 Ἀλκμοάωνις
866 1952 1053 2005 Poema
1071 1953 1285 2023 Epicum.
1326 1953 1386 2004 In

143 2151 162 2170 ²*
193 2147 365 2198 Hyginus
386 2148 423 2185 in
447 2148 536 2185 Fab.
559 2161 772 2186 CCLxxlv.
795 2163 833 2198 p.
848 2161 937 2197 327.
987 2147 1149 2185 Arcades
1169 2161 1224 2185 res
1243 2147 1387 2186 divinas

89 2211 200 2261 primi
227 2212 296 2249 diis
324 2213 511 2251 fecerunt:
543 2214 814 2251 Pnonoxvssus
843 2213 974 2251 Inachi
1004 2214 1096 2250 filius
1123 2224 1230 2250 'arma
1248 2215 1388 2263 junoni

87 2276 225 2326 primus
260 2277 362 2321 fecit,
393 2282 451 2328 qui
485 2277 524 2314 ob
553 2293 625 2315 eam
659 2278 792 2328 causam
822 2283 955 2328 primus
993 2281 1161 2329 regnandi
1193 2281 1385 2329 potzstatem

88 2340 228 2379 habuit.

147 2434 172 2475 †
205 2428 265 2466 Sic
296 2429 527 2467 casaubonus
557 2430 602 2467 ad
631 2431 847 2468 Athenaeum
878 2429 945 2467 lib.
969 2430 1020 2467 xi.
1050 2443 1081 2468 1.
1111 2443 1259 2481 p.774.
1308 2430 1380 2468 Sed

94 2493 209 2530 verba
237 2494 333 2545 apud
365 2495 582 2532 Athenaeum
611 2510 649 2546 p.
673 2496 761 2546 460.
799 2496 1060 2546 corruptiffima
1091 2496 1184 2535 sunt.
1245 2498 1383 2536 Extant

92 2568 217 2596 tamen
235 2559 387 2609 vestigia
409 2560 516 2610 Epici
537 2561 717 2598 Poematis
735 2576 744 2598 z

305 2635 428 2685 Εὐξεῗης
447 2634 573 2676 ς-ιᾷάὲος
592 2635 746 2688 ωξοέθηκ’
761 2639 892 2674 αὐτοῖο-ι
909 2636 1061 2674 Saldan-

352 2720 618 2733 --·---·-··-
628 2703 793 2752 Στεφάνες
808 2701 841 2741 τ’
858 2703 910 2742 ἐπὶ
928 2703 1041 2755 κρατὸς
1061 2701 1180 2744 ἔθηκεν.

1168 2776 1382 2836 utroque
