1758 3031
405 206 521 259 IN
615 206 1100 269 SUIDAM.
1305 228 1407 280 433

102 323 420 375 scribendum
471 322 834 393 proculdubio:
900 327 959 374 Οἱ
1007 314 1052 373 δὲ
1102 321 1407 381 βψω-κώνωπες
1451 333 1596 371 PARS

101 405 220 476 αὐτῷ
253 416 680 460 ΣΑΛΟΥΤΙΩΝΑ
705 406 929 465 ἐπίκλησιν
959 404 1120 459 ἔθεντο.
1187 410 1289 478 Qti
1310 410 1407 477 ejus
1449 388 1590 478 ᾇ

80 494 246 561 famae
283 493 584 551 inviderunt,
641 509 1036 543 SALUTIONEM
1079 493 1402 565 appellabant.

101 575 371 629 Nimirum
424 577 690 628 Anatolius
740 577 925 630 statura
978 590 1080 628 erat
1136 578 1293 638 brevi,
1354 592 1407 631 et

99 660 265 712 forma
295 662 545 713 deteriori.
611 661 753 730 Qu
791 673 842 712 et
881 661 1068 713 avidior
1107 661 1404 722 habebatur,

100 758 150 797 et
176 748 237 797 ad
264 765 372 817 sem
400 747 537 797 suam
566 747 717 797 nimis
747 747 1009 798 adtentus:
1052 749 1189 816 quod
1225 768 1288 800 ex
1313 750 1406 800 Li-

100 830 249 881 banio
287 831 495 882 constat.
565 829 705 881 Hinc
747 847 996 880 SALUTIO
1037 831 1219 883 dfflus.
1281 834 1407 886 Erat

98 928 270 966 autem
301 916 486 968 Salutio
512 914 674 967 homo
709 915 980 967 hominum
1015 917 1404 986 despefflffimus

99 1013 149 1051 et
174 1000 672 1070 opprobriofiffimus,
714 1013 765 1052 et
793 1002 880 1071 qui
914 1020 1003 1072 per
1033 1001 1246 1053 scenicas
1275 1018 1404 1056 artes

98 1085 283 1136 multas
322 1082 448 1154 opes>
475 1083 794 1154 congefferat.
858 1102 1084 1137 MIMUM
1116 1100 1261 1138 vocat
1296 1089 1403 1139 Pli-

97 1170 210 1220 nius
245 1170 326 1220 vii.
373 1188 452 1222 12.
530 1169 749 1240 Ejzffdem
778 1169 994 1239 jamiliae
1039 1170 1250 1240 Sczpioni
1289 1191 1402 1243 cog-

98 1273 260 1305 nomen
309 1254 501 1306 Salutio
544 1254 732 1305 mimus
778 1253 926 1305 dedit.
996 1253 1118 1322 Ejus
1165 1257 1404 1309 meminit

96 1337 203 1389 Dio
243 1338 451 1400 Caffius,
490 1351 541 1390 et
579 1338 881 1390 Plutarchus
921 1339 971 1389 in
998 1339 1154 1407 Julio.
1220 1342 1402 1394 Sueto-

95 1424 208 1474 nius
236 1424 287 1474 in
309 1424 412 1492 Jul.
452 1442 565 1495 cap.
585 1441 668 1494 59.
732 1425 822 1477 Aa'
841 1423 1090 1475 eludendas
1115 1437 1276 1478 autem
1301 1447 1399 1479 va-

94 1508 412 1568 ticinationes,
453 1509 619 1579 quibus
637 1507 773 1573 felix
799 1524 847 1560 et
873 1508 1107 1560 invialum
1133 1511 1182 1561 in
1209 1531 1263 1562 ea
1279 1523 1402 1582 pro·

95 1593 262 1645 vincia
268 1594 516 1662 fataliter
537 1594 802 1665 Scipionum
829 1613 989 1645 nomen
997 1593 1285 1660 serebatur,
1315 1597 1400 1649 de-

79 1678 411 1748 spec‘lffmum
458 1679 686 1750 quendam
729 1697 787 1729 ex
833 1679 1161 1731 Corneliorum
1206 1700 1399 1751 genere,

93 1763 177 1816 cui
204 1763 273 1816 ad
300 1764 603 1835 opprobrium
637 1763 760 1815 vitae
788 1780 1122 1815 SALUTIONI
1151 1785 1399 1836 cognomen

94 1861 225 1907 erat,
253 1849 302 1900 in
328 1848 669 1919 castris-secum
694 1848 876 1900 habuit.
930 1848 1012 1899 Ad
1040 1867 1197 1918 quem
1224 1851 1397 1905 locum

92 1933 386 1985 consulendi
415 1934 734 2002 InterpreteS.
783 1934 952 2003 Atque
972 1935 1095 1986 hinc
1115 1936 1402 2008 intelligen-

93 2018 186 2068 dus
214 2019 492 2089 Eunapius.
550 2019 817 2069 Anatolius
846 2019 1029 2071 Salutio
1057 2021 1238 2073 dietus.
1306 2023 1396 2072 Sa-

92 2102 221 2177 lutip
249 2115 419 2153 autem
446 2102 628 2154 mimus.
680 2103 836 2169 Qod
866 2103 1069 2154 scenicis
1096 2105 1190 2154 five
1218 2107 1399 2177 thyme-

89 2188 194 2239 licis
221 2188 347 2238 bene
371 2200 570 2239 notum.
630 2188 751 2239 Huc
779 2187 898 2238 facit
926 2189 1159 2258 Hedylus
1189 2192 1241 2241 in
1268 2191 1395 2262 Epi·
1439 2261 1441 2263 ι

89 2289 252 2342 gram.
280 2272 413 2342 apud
442 2272 767 2332 Athenae'um,
806 2272 894 2322 lib.
925 2273 990 2323 iv.
1029 2292 1079 2343 p.
1108 2274 1226 2345 176.

328 2397 556 2440 ΜΙΜΩΝ
579 2387 654 2460 κῇν
682 2387 909 2461 &offlam
937 2386 1097 2453 fflesq.

92 2517 187 2568 Sed
213 2518 466 2584 integrum
490 2518 820 2588 Epigramma
843 2518 1238 2587 legerejuvabin
1262 2522 1397 2590 quod
1473 2529 1478 2535 '

88 2603 175 2653 hic
203 2601 369 2652 nostro
389 2600 556 2653 Marte
581 2604 908 2654 emendatum
938 2603 1204 2671 adponam.
1257 2605 1398 2658 Nam

84 2686 229 2757 quod
264 2685 445 2755 legitur
472 2688 604 2759 apud
634 2686 945 2739 Athenaeum
972 2686 1124 2758 longe
1157 2688 1397 2759 inquina-

90 2769 334 2824 tiffimum
363 2770 451 2823 est.

158 2855 305 2906 Vox„
336 2855 406 2907 ΙΙ.
755 2854 796 2906 Ε
839 2871 866 2904 e
1107 2865 1388 2910 ΗΔΎΛΟῪ.
